<?xml version="1.0" encoding="UTF-8"?><collection xmlns="http://www.loc.gov/MARC21/slim"><record><leader>00535nam--2200193-i-4500</leader><controlfield tag="001">000011713</controlfield><controlfield tag="002">20161230</controlfield><controlfield tag="005">20161230201029</controlfield><controlfield tag="008">060222s1000------------r-----000-0-eng-d</controlfield><datafield ind1=" " ind2=" " tag="040"><subfield code="a">IFIN-HH</subfield></datafield><datafield ind1=" " ind2=" " tag="080"><subfield code="a">535:51.7(07)</subfield></datafield><datafield ind1="1" ind2=" " tag="100"><subfield code="a">Gerrard, A</subfield></datafield><datafield ind1="1" ind2="0" tag="245"><subfield code="a">Introduction to Matrix Methods in Optics</subfield><subfield code="c">A. Gerrard, J.M. Burch</subfield></datafield><datafield ind1=" " ind2=" " tag="260"><subfield code="a">London</subfield><subfield code="b">John Wiley and Sons</subfield><subfield code="c">1975</subfield></datafield><datafield ind1=" " ind2=" " tag="300"><subfield code="a">xiii+355p</subfield></datafield><datafield ind1=" " ind2=" " tag="490"><subfield code="a">Wiley Series in Pure and Applied Optics</subfield></datafield><datafield ind1="1" ind2=" " tag="700"><subfield code="a">Burch, J. M</subfield></datafield><datafield ind1=" " ind2=" " tag="852"><subfield code="a">43184</subfield><subfield code="c">535</subfield></datafield><datafield ind1=" " ind2=" " tag="CAT"><subfield code="a">Sys</subfield><subfield code="c">20160205</subfield><subfield code="h">085814</subfield></datafield></record></collection>